<?xml version="1.0"?>
<marc:records xmlns:marc="http://www.loc.gov/MARC21/slim" xmlns:xsi="http://www.w3.org/2001/XMLSchema-instance" xsi:schemaLocation="http://www.loc.gov/MARC21/slim http://www.loc.gov/standards/marcxml/schema/MARC21slim.xsd">
  <marc:record>
    <marc:leader>01965ntm a2200265 a 4500</marc:leader>
    <marc:controlfield tag="001">9977162693003681</marc:controlfield>
    <marc:controlfield tag="005">20200622235920.0</marc:controlfield>
    <marc:controlfield tag="008">171011q16501750xx            000 0 lat d</marc:controlfield>
    <marc:datafield ind1=" " ind2=" " tag="035">
  <marc:subfield code="a">(OCoLC)on1159205599</marc:subfield>
</marc:datafield>
    <marc:datafield ind1=" " ind2=" " tag="035">
  <marc:subfield code="a">(OCoLC)1159205599</marc:subfield>
</marc:datafield>
    <marc:datafield ind1=" " ind2=" " tag="040">
  <marc:subfield code="a">PAU</marc:subfield>
  <marc:subfield code="b">eng</marc:subfield>
  <marc:subfield code="c">PAU</marc:subfield>
  <marc:subfield code="e">dacs</marc:subfield>
</marc:datafield>
    <marc:datafield ind1=" " ind2="9" tag="099">
  <marc:subfield code="a">Misc Mss Box 24 Folder 18</marc:subfield>
</marc:datafield>
    <marc:datafield ind1="0" ind2=" " tag="100">
  <marc:subfield code="a">Augustine,</marc:subfield>
  <marc:subfield code="c">of Hippo, Saint,</marc:subfield>
  <marc:subfield code="d">354-430.</marc:subfield>
</marc:datafield>
    <marc:datafield ind1="1" ind2="0" tag="245">
  <marc:subfield code="a">Augustine excerpts on Genesis,</marc:subfield>
  <marc:subfield code="f">between 1650 and 1750?</marc:subfield>
</marc:datafield>
    <marc:datafield ind1=" " ind2=" " tag="300">
  <marc:subfield code="a">1</marc:subfield>
  <marc:subfield code="f">item (1 leaf) :</marc:subfield>
  <marc:subfield code="b">paper ;</marc:subfield>
  <marc:subfield code="c">345 x 214 mm.</marc:subfield>
</marc:datafield>
    <marc:datafield ind1=" " ind2=" " tag="520">
  <marc:subfield code="a">Brief excerpts from Augustine's De Genesi contra Manichaeos and De civitate Dei, commenting on verses in Genesis, copied probably in France in the late 17th or early 18th century.  The excerpts are written in very small italic script at the upper edge on both sides of an otherwise blank folio leaf ruled in faint red ink for two columns.  Watermark of a variation on J. Viger's watermark of the arms of Henry IV, King of France and Navarre (also seen in Briquet Armoiries 1854 and 1855, late 16th-century watermarks of Guillaume Journee), but surmounted by a five-petaled flower rather than four-petaled, with the arms reversed (Navarre on the left, France on the right) and with the initials AN before VIGER in the first cartouche below and then a second cartouche below with three letters (AD?).</marc:subfield>
</marc:datafield>
    <marc:datafield ind1=" " ind2=" " tag="546">
  <marc:subfield code="a">In Latin.</marc:subfield>
</marc:datafield>
    <marc:datafield ind1="1" ind2=" " tag="561">
  <marc:subfield code="a">Sold at auction at Hidden Treasures Antiques and Fine Art (Mineola, New York), 14 September 2017, lot 8.</marc:subfield>
</marc:datafield>
    <marc:datafield ind1="0" ind2="0" tag="630">
  <marc:subfield code="a">Bible.</marc:subfield>
  <marc:subfield code="p">Genesis</marc:subfield>
  <marc:subfield code="x">Criticism, interpretation, etc.</marc:subfield>
  <marc:subfield code="v">Early works to 1800.</marc:subfield>
</marc:datafield>
    <marc:datafield ind1=" " ind2="7" tag="655">
  <marc:subfield code="a">Commentaries.</marc:subfield>
  <marc:subfield code="2">aat</marc:subfield>
</marc:datafield>
    <marc:datafield ind1=" " ind2="7" tag="655">
  <marc:subfield code="a">Manuscripts, Latin</marc:subfield>
  <marc:subfield code="y">17th century.</marc:subfield>
  <marc:subfield code="2">local</marc:subfield>
</marc:datafield>
    <marc:datafield ind1=" " ind2="7" tag="655">
  <marc:subfield code="a">Manuscripts, Latin</marc:subfield>
  <marc:subfield code="y">18th century.</marc:subfield>
  <marc:subfield code="2">local</marc:subfield>
</marc:datafield>
    <marc:datafield ind1=" " ind2="0" tag="655">
  <marc:subfield code="a">Manuscripts, European.</marc:subfield>
</marc:datafield>
    <marc:datafield ind1="0" ind2=" " tag="773">
  <marc:subfield code="t">Miscellaneous Manuscripts.</marc:subfield>
  <marc:subfield code="g">Box 24 Folder 18</marc:subfield>
</marc:datafield>
    <marc:datafield ind1=" " ind2=" " tag="852">
  <marc:subfield code="b">Kislak Center for Special Collections, Rare Books and Manuscripts</marc:subfield>
  <marc:subfield code="a">University of Pennsylvania</marc:subfield>
  <marc:subfield code="e">3420 Walnut Street, Philadelphia, Pennsylvania 19104-6206.</marc:subfield>
  <marc:subfield code="j">Misc Mss Box 24 Folder 18</marc:subfield>
</marc:datafield>
    <marc:holdings>
      <marc:holding>
        <marc:holding_id>22511754570003681</marc:holding_id>
        <marc:call_number>Misc Mss Box 24 Folder 18</marc:call_number>
        <marc:library>KislakCntr</marc:library>
        <marc:location>scmss</marc:location>
      </marc:holding>
    </marc:holdings>
  </marc:record>
</marc:records>
